@article{souza2011coral,
  title={Coral: Solving complex constraints for symbolic pathfinder},
  author={Souza, Matheus and Borges, Mateus and d’Amorim, Marcelo and P{\u{a}}s{\u{a}}reanu, Corina},
  journal={NASA Formal Methods},
  pages={359--374},
  year={2011},
  publisher={Springer}
}

@INPROCEEDINGS{borges2012symbolic,
author={Borges, M. and d'Amorim, M. and Anand, S. and Bushnell, D. and Pasareanu, C.S.},
booktitle={Software Testing, Verification and Validation (ICST), 2012 IEEE Fifth International Conference on},
title={Symbolic Execution with Interval Solving and Meta-heuristic Search},
year={2012},
pages={111-120},
keywords={aerospace;mathematics computing;symbol manipulation;CORAL constraint-solving infrastructure;aerospace domain;complex math constraint;complex mathematical constraints;floating-point variable;interval solving;meta-heuristic search;symbolic execution;transcendental function;Concrete;Cost accounting;Input variables;Java;Libraries;Search problems;constraint solving;symbolic execution;testing},
doi={10.1109/ICST.2012.91},
month={April},}

@inproceedings{borges2014compositional,
  title={Compositional solution space quantification for probabilistic software analysis},
  author={Borges, Mateus and Filieri, Antonio and d'Amorim, Marcelo and P{\u{a}}s{\u{a}}reanu, Corina S and Visser, Willem},
  booktitle={ACM SIGPLAN Notices},
  volume={49},
  number={6},
  pages={123--132},
  year={2014},
  organization={ACM}
}

@inproceedings{borges2015iterative,
  title={Iterative distribution-aware sampling for probabilistic symbolic execution},
  author={Borges, Mateus and Filieri, Antonio and d’Amorim, Marcelo and P{\u{a}}s{\u{a}}reanu, Corina S},
  booktitle={Proceedings of the 2015 10th Joint Meeting on Foundations of Software Engineering},
  pages={866--877},
  year={2015},
  organization={ACM}
}